<record><leader>00000cas a2200000 a 4500</leader><controlfield tag="001">13162014</controlfield><controlfield tag="008">860217c18789999couwr ne      0    0eng c</controlfield><datafield ind1=" " ind2=" " tag="010"><subfield code="a">sn 85067320 </subfield></datafield><datafield ind1=" " ind2=" " tag="040"><subfield code="a">KSH</subfield><subfield code="b">eng</subfield><subfield code="c">KSH</subfield><subfield code="d">NPT</subfield><subfield code="d">CNQ</subfield><subfield code="d">NVM</subfield><subfield code="d">OCL</subfield><subfield code="d">OCLCQ</subfield><subfield code="d">CUI</subfield><subfield code="d">OCLCQ</subfield><subfield code="d">OCLCF</subfield></datafield><datafield ind1="1" ind2=" " tag="029"><subfield code="a">AU@</subfield><subfield code="b">000022171883</subfield></datafield><datafield ind1=" " ind2=" " tag="042"><subfield code="a">pcc</subfield></datafield><datafield ind1=" " ind2=" " tag="043"><subfield code="a">n-us-co</subfield></datafield><datafield ind1=" " ind2="4" tag="050"><subfield code="a">AN</subfield></datafield><datafield ind1="0" ind2=" " tag="130"><subfield code="a">Weekly register-call (Central City, Colo. : 1878)</subfield></datafield><datafield ind1="1" ind2="0" tag="245"><subfield code="a">Weekly register-call.</subfield></datafield><datafield ind1=" " ind2=" " tag="260"><subfield code="a">Central City, Colo. :</subfield><subfield code="b">Laird &amp; Marlow</subfield></datafield><datafield ind1=" " ind2=" " tag="300"><subfield code="a">v.</subfield></datafield><datafield ind1=" " ind2=" " tag="310"><subfield code="a">Weekly</subfield></datafield><datafield ind1="0" ind2=" " tag="362"><subfield code="a">Vol. 16, no. 47 (June 23, 1878)-</subfield></datafield><datafield ind1=" " ind2=" " tag="530"><subfield code="a">Available on microfilm from the Colorado Historical Society.</subfield></datafield><datafield ind1=" " ind2=" " tag="580"><subfield code="a">Daily ed.: Daily register-call.</subfield></datafield><datafield ind1=" " ind2="0" tag="651"><subfield code="a">Central City (Colo.)</subfield><subfield code="v">Newspapers.</subfield></datafield><datafield ind1=" " ind2="0" tag="651"><subfield code="a">Gilpin County (Colo.)</subfield><subfield code="v">Newspapers.</subfield></datafield><datafield ind1=" " ind2="7" tag="655"><subfield code="a">Newspapers.</subfield><subfield code="2">fast</subfield><subfield code="0">(OCoLC)fst01423814</subfield></datafield><datafield ind1=" " ind2="7" tag="651"><subfield code="a">Colorado</subfield><subfield code="z">Central City.</subfield><subfield code="2">fast</subfield><subfield code="0">(OCoLC)fst01217417</subfield></datafield><datafield ind1=" " ind2="7" tag="651"><subfield code="a">Colorado</subfield><subfield code="z">Gilpin County.</subfield><subfield code="2">fast</subfield><subfield code="0">(OCoLC)fst01230153</subfield></datafield><datafield ind1=" " ind2=" " tag="752"><subfield code="a">United States</subfield><subfield code="b">Colorado</subfield><subfield code="c">Gilpin</subfield><subfield code="d">Central City.</subfield></datafield><datafield ind1="1" ind2=" " tag="775"><subfield code="t">Daily register-call</subfield><subfield code="w">(DLC)sn 85067319</subfield><subfield code="w">(OCoLC)13165779</subfield></datafield><datafield ind1="0" ind2="8" tag="776"><subfield code="i">Online version:</subfield><subfield code="t">Weekly register-call (Central City, Colo. : 1878 : Online)</subfield><subfield code="w">(OCoLC)607121387</subfield></datafield><datafield ind1="0" ind2="0" tag="780"><subfield code="t">Weekly Central City register (Central City, Colo. : 1878)</subfield><subfield code="w">(DLC)sn 90051624</subfield><subfield code="w">(OCoLC)22299395</subfield></datafield></record>